<record><leader>00000cas a22000007a 4500</leader><controlfield tag="001">21052137</controlfield><controlfield tag="008">900212d19131944mouwr ne      0    0eng d</controlfield><datafield ind1=" " ind2=" " tag="010"><subfield code="a">sn 90061041 </subfield></datafield><datafield ind1=" " ind2=" " tag="040"><subfield code="a">MQN</subfield><subfield code="b">eng</subfield><subfield code="c">MQN</subfield><subfield code="d">OCLCQ</subfield></datafield><datafield ind1=" " ind2=" " tag="042"><subfield code="a">msc</subfield></datafield><datafield ind1="0" ind2=" " tag="130"><subfield code="a">Jamesport gazette (Jamesport, Mo. : 1913)</subfield></datafield><datafield ind1="1" ind2="4" tag="245"><subfield code="a">The Jamesport gazette.</subfield></datafield><datafield ind1=" " ind2=" " tag="260"><subfield code="a">Jamesport, Mo. :</subfield><subfield code="b">Thomas R. Shaw,</subfield><subfield code="c">1913-1944.</subfield></datafield><datafield ind1=" " ind2=" " tag="300"><subfield code="a">v.</subfield></datafield><datafield ind1=" " ind2=" " tag="310"><subfield code="a">Weekly</subfield></datafield><datafield ind1="0" ind2=" " tag="362"><subfield code="a">Vol. 38, no. 31 (Aug. 7, 1913)-v. 65, no. 17 (Apr. 13, 1944).</subfield></datafield><datafield ind1=" " ind2=" " tag="752"><subfield code="a">United States</subfield><subfield code="b">Missouri</subfield><subfield code="c">Daviess</subfield><subfield code="d">Jamesport.</subfield></datafield><datafield ind1="0" ind2="0" tag="780"><subfield code="t">Jamesport semi-weekly gazette</subfield><subfield code="w">(DLC)sn 90061040</subfield></datafield></record>